<record><leader>00000cas a2200000 a 4500</leader><controlfield tag="001">14348871</controlfield><controlfield tag="008">861006d19601960paudn ne      0    0eng c</controlfield><datafield ind1=" " ind2=" " tag="010"><subfield code="a">sn 86081836 </subfield></datafield><datafield ind1=" " ind2=" " tag="040"><subfield code="a">NPH</subfield><subfield code="b">eng</subfield><subfield code="c">NPH</subfield><subfield code="d">CUI</subfield><subfield code="d">OCLCQ</subfield><subfield code="d">OCLCF</subfield></datafield><datafield ind1=" " ind2=" " tag="042"><subfield code="a">pcc</subfield></datafield><datafield ind1=" " ind2=" " tag="043"><subfield code="a">n-us-pa</subfield></datafield><datafield ind1=" " ind2="4" tag="050"><subfield code="a">AN</subfield></datafield><datafield ind1="0" ind2=" " tag="130"><subfield code="a">Times (Beaver, Pa. : 1960)</subfield></datafield><datafield ind1="1" ind2="4" tag="245"><subfield code="a">The times.</subfield></datafield><datafield ind1=" " ind2=" " tag="260"><subfield code="a">[Beaver, Pa.?] :</subfield><subfield code="b">Beaver Newspapers, Inc.,</subfield><subfield code="c">1960.</subfield></datafield><datafield ind1=" " ind2=" " tag="300"><subfield code="a">1 v. :</subfield><subfield code="b">ill.</subfield></datafield><datafield ind1=" " ind2=" " tag="310"><subfield code="a">Daily (except Sunday)</subfield></datafield><datafield ind1="0" ind2=" " tag="362"><subfield code="a">Vol. 84, no. 221 (Jan. 2, 1960)-v. 84, no. 245 (Jan. 30, 1960).</subfield></datafield><datafield ind1=" " ind2=" " tag="500"><subfield code="a">"The Aliquippa-Ambridge Area's hometown daily newspaper."</subfield></datafield><datafield ind1=" " ind2="0" tag="651"><subfield code="a">Beaver (Pa.)</subfield><subfield code="v">Newspapers.</subfield></datafield><datafield ind1=" " ind2="0" tag="651"><subfield code="a">Aliquippa (Pa.)</subfield><subfield code="v">Newspapers.</subfield></datafield><datafield ind1=" " ind2="0" tag="651"><subfield code="a">Ambridge (Pa.)</subfield><subfield code="v">Newspapers.</subfield></datafield><datafield ind1=" " ind2="0" tag="651"><subfield code="a">Beaver County (Pa.)</subfield><subfield code="v">Newspapers.</subfield></datafield><datafield ind1=" " ind2="7" tag="655"><subfield code="a">Newspapers.</subfield><subfield code="2">fast</subfield><subfield code="0">(OCoLC)fst01423814</subfield></datafield><datafield ind1=" " ind2="7" tag="651"><subfield code="a">Pennsylvania</subfield><subfield code="z">Aliquippa.</subfield><subfield code="2">fast</subfield><subfield code="0">(OCoLC)fst01220248</subfield></datafield><datafield ind1=" " ind2="7" tag="651"><subfield code="a">Pennsylvania</subfield><subfield code="z">Ambridge.</subfield><subfield code="2">fast</subfield><subfield code="0">(OCoLC)fst01220502</subfield></datafield><datafield ind1=" " ind2="7" tag="651"><subfield code="a">Pennsylvania</subfield><subfield code="z">Beaver.</subfield><subfield code="2">fast</subfield><subfield code="0">(OCoLC)fst01227421</subfield></datafield><datafield ind1=" " ind2="7" tag="651"><subfield code="a">Pennsylvania</subfield><subfield code="z">Beaver County.</subfield><subfield code="2">fast</subfield><subfield code="0">(OCoLC)fst01205522</subfield></datafield><datafield ind1=" " ind2=" " tag="752"><subfield code="a">United States</subfield><subfield code="b">Pennsylvania</subfield><subfield code="c">Beaver</subfield><subfield code="d">Beaver.</subfield></datafield><datafield ind1=" " ind2=" " tag="752"><subfield code="a">United States</subfield><subfield code="b">Pennsylvania</subfield><subfield code="c">Beaver</subfield><subfield code="d">Aliquippa.</subfield></datafield><datafield ind1=" " ind2=" " tag="752"><subfield code="a">United States</subfield><subfield code="b">Pennsylvania</subfield><subfield code="c">Beaver</subfield><subfield code="d">Ambridge.</subfield></datafield><datafield ind1="0" ind2=" " tag="775"><subfield code="t">Beaver Valley times (Beaver Valley ed.)</subfield><subfield code="w">(DLC)sn 86081800</subfield><subfield code="w">(OCoLC)14348820</subfield></datafield><datafield ind1="0" ind2="4" tag="780"><subfield code="t">Ambridge times</subfield><subfield code="w">(DLC)sn 86081835</subfield><subfield code="w">(OCoLC)14348884</subfield></datafield><datafield ind1="0" ind2="4" tag="780"><subfield code="t">Aliquippa times (Aliquippa, Pa. : 1959)</subfield><subfield code="w">(DLC)sn 86081842</subfield><subfield code="w">(OCoLC)14349021</subfield></datafield><datafield ind1="0" ind2="0" tag="785"><subfield code="t">Beaver County times (Aliquippa-Ambridge home ed.)</subfield><subfield code="w">(DLC)sn 86081838</subfield><subfield code="w">(OCoLC)14348946</subfield></datafield></record>